@book{security,
 author = {Goldreich, Oded},
 title = {Foundations of Cryptography: Volume 2, Basic Applications},
 year = {2004},
 isbn = {0521830842},
 publisher = {Cambridge University Press},
 address = {New York, NY, USA},
} 

@article{moore,
 author = {Hoffman, A. J. and Singleton, R. R.},
 title = {On Moore Graphs with Diameters 2 and 3},
 journal = {IBM J. Res. Dev.},
 issue_date = {November 1960},
 volume = {4},
 number = {5},
 month = nov,
 year = {1960},
 issn = {0018-8646},
 pages = {497--504},
 numpages = {8},
 url = {http://dx.doi.org/10.1147/rd.45.0497},
 doi = {10.1147/rd.45.0497},
 acmid = {1661219},
 publisher = {IBM Corp.},
 address = {Riverton, NJ, USA},
} 

@Inbook{viff,
  author = {Damg{\aa}rd, Ivan and Geisler, Martin and Kr{\o}igaard, Mikkel and Nielsen, Jesper Buus},
  editor = {Jarecki, Stanis{\l}aw and Tsudik, Gene},
  title = {Asynchronous Multiparty Computation: Theory and Implementation},
  bookTitle = {Public Key Cryptography -- PKC 2009: 12th International Conference on Practice and Theory in Public Key Cryptography, Irvine, CA, USA, March 18-20, 2009. Proceedings},
  year = {2009},
  publisher = {Springer Berlin Heidelberg},
  address = {Berlin, Heidelberg},
  pages = {160--179},
  isbn = {978-3-642-00468-1},
  doi = {10.1007/978-3-642-00468-1_10},
  url = {http://dx.doi.org/10.1007/978-3-642-00468-1_10}
}

@ARTICLE{shamirsharing,
    author = {Shamir, Adi},
    title = {How to Share a Secret},
	journal = {Communications of the ACM},
	issue_date = {Nov. 1979},
    volume = {22},
    number = {11},
    month = nov,
    year = {1979},
    issn = {0001-0782},
    pages = {612--613},
    numpages = {2},
    url = {http://doi.acm.org/10.1145/359168.359176},
    doi = {10.1145/359168.359176},
    publisher = {ACM},
}
